<?xml version="1.0"?>
<zs:searchRetrieveResponse xmlns:zs="http://www.loc.gov/zing/srw/"><zs:version>1.2</zs:version><zs:numberOfRecords>10</zs:numberOfRecords><zs:records><zs:record><zs:recordSchema>marcxml</zs:recordSchema><zs:recordPacking>xml</zs:recordPacking><zs:recordData><record xmlns="http://www.loc.gov/MARC21/slim">
  <leader>04609cam a2200697 a 4500</leader>
  <controlfield tag="001">746542</controlfield>
  <controlfield tag="005">20200926094434.0</controlfield>
  <controlfield tag="008">820524m19339999fr       bd   000 0cfre  </controlfield>
  <datafield tag="906" ind1=" " ind2=" ">
    <subfield code="a">7</subfield>
    <subfield code="b">cbc</subfield>
    <subfield code="c">orignew</subfield>
    <subfield code="d">u</subfield>
    <subfield code="e">ocip</subfield>
    <subfield code="f">19</subfield>
    <subfield code="g">y-gencatlg</subfield>
  </datafield>
  <datafield tag="925" ind1="0" ind2=" ">
    <subfield code="a">acquire</subfield>
    <subfield code="b">1 shelf copy</subfield>
    <subfield code="x">policy default</subfield>
  </datafield>
  <datafield tag="955" ind1=" " ind2=" ">
    <subfield code="a">oe09 11-03-00 v. 112 &amp; 113 to HLCD; lh04 (v. 112-113) to SL 11-16-00 ;</subfield>
    <subfield code="c">lh04 2001-09-10 v. 114 to SL</subfield>
    <subfield code="e">lh44 2001-09-19 v. 114 (2 copies) to BCCD</subfield>
    <subfield code="a">oe05 07-18-03 v. 115 (2copies) to HLCD</subfield>
    <subfield code="c">lh08 2005-05-31 (fasc. 115; 2 copies)</subfield>
    <subfield code="a">lh36 2005-06-03 fasc. 115 (2 copies) to BCCD</subfield>
    <subfield code="c">lf33 2008-02-06 fasc. 117 added (2 copies), bd16 2009-08-04 supplement  fasc. 1 (2 copies) ; bd16 2009-09-15 v. 20 (2 copies),</subfield>
    <subfield code="a">bd00 2009-9-22</subfield>
    <subfield code="e">CatRefProj he09 2009-12-03</subfield>
    <subfield code="a">Barcode 00180227519 returned from bindery 2010-01-04</subfield>
    <subfield code="a">Barcode 00180227507 returned from bindery 2010-01-04</subfield>
    <subfield code="e">tc12 2011-01-31 t.20 (fasc.119, 120 2010) to BCCD</subfield>
    <subfield code="a">Copy 3 no longer wanted in CatRef, all items removed and forwarded to MRR or GenColl, he09 2011-04-01</subfield>
  </datafield>
  <datafield tag="955" ind1=" " ind2=" ">
    <subfield code="a">N.B.: Supplements (Dict. de biog. franc&#x327;. : supplement, published 2009- are covered by:   2009444285)</subfield>
  </datafield>
  <datafield tag="955" ind1=" " ind2=" ">
    <subfield code="c">th05 2009-11-07 fasc. 118 (2 copies) added; to shelflister;</subfield>
    <subfield code="e">bd19 2009-11-10 to BCCD</subfield>
  </datafield>
  <datafield tag="955" ind1=" " ind2=" ">
    <subfield code="a">BD25 2010-11-16 fasc. 119 (2 copies) rec'd</subfield>
    <subfield code="a">th05 2011-01-10 forwarded to T. Yee for processing</subfield>
  </datafield>
  <datafield tag="955" ind1=" " ind2=" ">
    <subfield code="a">BD25 2011-05-11 fasc. 120 (2 copies) rec'd</subfield>
    <subfield code="a">bd26 2011-05-17</subfield>
    <subfield code="c">th05 2011-06-13 fasc. 120 (2 copies) added; to shelflister</subfield>
    <subfield code="e">bd08 2011-06-22 to BCCD</subfield>
    <subfield code="e">tc12 2011-06-27 t.19:fasc.112-t.19:fasc. 113 to BCCD</subfield>
  </datafield>
  <datafield tag="955" ind1=" " ind2=" ">
    <subfield code="a">th73 2012-03-29, fasc. 121</subfield>
    <subfield code="a">bd26 2012-04-11</subfield>
    <subfield code="c">th05 2012-04-14 fasc. 121 added; to shelflister</subfield>
    <subfield code="e">bd08 2012-04-25 to BCCD</subfield>
  </datafield>
  <datafield tag="955" ind1=" " ind2=" ">
    <subfield code="c">th05 2013-09-09 fasc. 122 and 123 added</subfield>
    <subfield code="a">BD25 2014-10-07 fasc. 124 rec'd;</subfield>
    <subfield code="e">tc12 2015-06-08 to BCCD</subfield>
  </datafield>
  <datafield tag="955" ind1=" " ind2=" ">
    <subfield code="b">bd22 2017-03-15 fasc. 125</subfield>
    <subfield code="c">th05 2017-03-20 fasc. 125 added; to shelflister</subfield>
  </datafield>
  <datafield tag="955" ind1=" " ind2=" ">
    <subfield code="a">BD25 2016-07-20 fasc. 126 rec'd</subfield>
    <subfield code="c">th05 2016-07-25 fasc. 126 added; to shelflister</subfield>
    <subfield code="e">bd08 2016-08-02 to bccd</subfield>
    <subfield code="e">bd08 2017-03-28</subfield>
  </datafield>
  <datafield tag="955" ind1=" " ind2=" ">
    <subfield code="a">BD25 2018-07-02 fasc. 127 rec'd</subfield>
    <subfield code="c">th05 2018-07-07 fasc. 127 added</subfield>
    <subfield code="e">th05 2018-07-07 to BCCD</subfield>
  </datafield>
  <datafield tag="955" ind1=" " ind2=" ">
    <subfield code="a">BD25 2018-08-08 fasc. 128 rec'd</subfield>
    <subfield code="c">th05 2018 -08-18 fasc. 128 added</subfield>
    <subfield code="e">th05 2018-08-18 to BCCD</subfield>
  </datafield>
  <datafield tag="955" ind1=" " ind2=" ">
    <subfield code="a">BD25 2019-06-26 fasc. 129 rec'd</subfield>
    <subfield code="c">th05 2019-07-13 fasc. 129 added</subfield>
    <subfield code="e">th05 2019-07-13 to BCCD</subfield>
  </datafield>
  <datafield tag="955" ind1=" " ind2=" ">
    <subfield code="a">BD25 2020-07-09 fasc. 130 rec'd</subfield>
    <subfield code="c">th05 2020-09-26 fasc. 130 added</subfield>
    <subfield code="e">th05 2020-09-26 to BCCD</subfield>
  </datafield>
  <datafield tag="020" ind1=" " ind2=" ">
    <subfield code="a">9782706302824 (fasc. 121)</subfield>
  </datafield>
  <datafield tag="020" ind1=" " ind2=" ">
    <subfield code="a">9782706302862 (fasc. 122)</subfield>
  </datafield>
  <datafield tag="020" ind1=" " ind2=" ">
    <subfield code="a">9782706302886 (fasc. 123)</subfield>
  </datafield>
  <datafield tag="020" ind1=" " ind2=" ">
    <subfield code="a">9782706302916 (fasc. 124)</subfield>
  </datafield>
  <datafield tag="020" ind1=" " ind2=" ">
    <subfield code="a">9782706302947 (fasc. 125)</subfield>
  </datafield>
  <datafield tag="020" ind1=" " ind2=" ">
    <subfield code="a">9782706302954 (fasc. 126)</subfield>
  </datafield>
  <datafield tag="020" ind1=" " ind2=" ">
    <subfield code="a">9782706302961 (fasc. 127)</subfield>
  </datafield>
  <datafield tag="020" ind1=" " ind2=" ">
    <subfield code="a">9782706302985 (fasc. 128)</subfield>
  </datafield>
  <datafield tag="020" ind1=" " ind2=" ">
    <subfield code="a">9782706303029 (fasc. 129)</subfield>
  </datafield>
  <datafield tag="020" ind1=" " ind2=" ">
    <subfield code="a">9782706303036 (fasc. 130)</subfield>
  </datafield>
  <datafield tag="040" ind1=" " ind2=" ">
    <subfield code="a">DLC</subfield>
    <subfield code="c">DLC</subfield>
    <subfield code="d">DLC</subfield>
  </datafield>
  <datafield tag="043" ind1=" " ind2=" ">
    <subfield code="a">e-fr---</subfield>
  </datafield>
  <datafield tag="050" ind1="0" ind2="0">
    <subfield code="a">CT143</subfield>
    <subfield code="b">.D5</subfield>
  </datafield>
  <datafield tag="082" ind1="0" ind2="0">
    <subfield code="a">920.044</subfield>
  </datafield>
  <datafield tag="245" ind1="0" ind2="0">
    <subfield code="a">Dictionnaire de biographie franc&#x327;aise,</subfield>
    <subfield code="c">sous la direction de J. Balteau ... M. Barroux ... M. Pre&#x301;vost ... avec le concours de nombreux collaborateurs ...</subfield>
  </datafield>
  <datafield tag="260" ind1=" " ind2=" ">
    <subfield code="a">Paris :</subfield>
    <subfield code="b">Letouzey et Ane&#x301;,</subfield>
    <subfield code="c">1933-&lt;2020&gt;</subfield>
  </datafield>
  <datafield tag="300" ind1=" " ind2=" ">
    <subfield code="a">v. &lt;1-13; fasc. 103-130&gt; ;</subfield>
    <subfield code="c">29 cm.</subfield>
  </datafield>
  <datafield tag="500" ind1=" " ind2=" ">
    <subfield code="a">Issued in fascicles; six fascicles per volume.</subfield>
  </datafield>
  <datafield tag="500" ind1=" " ind2=" ">
    <subfield code="a">Vols. 4-8 "sous la direction de M. Pre&#x301;vost et Roman d'Amat."; v. &lt;9-13&gt; "sous la direction de Roman d'Amat."; v. 112-113 sous la direction de M. Prevost ... [et al.]; v. 17 "directeur du pre&#x301;sent fascicule, J.-P. Lobies."</subfield>
  </datafield>
  <datafield tag="504" ind1=" " ind2=" ">
    <subfield code="a">Includes bibliographical references.</subfield>
  </datafield>
  <datafield tag="590" ind1=" " ind2=" ">
    <subfield code="a">LC holdings: Unbound fascicles are recorded according to SCM: SL (ILS supplement) Workflow #16, until bound, and are located in the General Collection (Copy 1) and the Main Reading Room (Copy 2).</subfield>
  </datafield>
  <datafield tag="651" ind1=" " ind2="0">
    <subfield code="a">France</subfield>
    <subfield code="v">Biography</subfield>
    <subfield code="v">Dictionaries.</subfield>
  </datafield>
  <datafield tag="700" ind1="1" ind2=" ">
    <subfield code="a">Balteau, J.</subfield>
  </datafield>
  <datafield tag="700" ind1="1" ind2=" ">
    <subfield code="a">Pre&#x301;vost, Michel,</subfield>
    <subfield code="d">1880-</subfield>
  </datafield>
  <datafield tag="700" ind1="1" ind2=" ">
    <subfield code="a">Roman d'Amat,</subfield>
    <subfield code="d">1887-</subfield>
  </datafield>
  <datafield tag="923" ind1=" " ind2=" ">
    <subfield code="d">20101116</subfield>
    <subfield code="n">B00035328</subfield>
    <subfield code="s">93001875</subfield>
    <subfield code="t">fasc. 119 ( 2 copies)</subfield>
  </datafield>
  <datafield tag="923" ind1=" " ind2=" ">
    <subfield code="d">20110511</subfield>
    <subfield code="n">C00036514</subfield>
    <subfield code="s">93001875</subfield>
  </datafield>
  <datafield tag="923" ind1=" " ind2=" ">
    <subfield code="d">20120314</subfield>
    <subfield code="n">C00038638</subfield>
    <subfield code="s">93001875</subfield>
  </datafield>
  <datafield tag="923" ind1=" " ind2=" ">
    <subfield code="d">20140616</subfield>
    <subfield code="n">C10003588</subfield>
    <subfield code="s">93000601</subfield>
    <subfield code="t">fasc. 124</subfield>
  </datafield>
  <datafield tag="923" ind1=" " ind2=" ">
    <subfield code="d">20160606</subfield>
    <subfield code="n">564097</subfield>
    <subfield code="s">93000601</subfield>
    <subfield code="t">v. 126</subfield>
  </datafield>
  <datafield tag="923" ind1=" " ind2=" ">
    <subfield code="d">20171002</subfield>
    <subfield code="n">591181</subfield>
    <subfield code="s">FR-PaAMA</subfield>
    <subfield code="t">v. 127</subfield>
  </datafield>
  <datafield tag="923" ind1=" " ind2=" ">
    <subfield code="d">20190613</subfield>
    <subfield code="n">627475</subfield>
    <subfield code="s">AmaLivre</subfield>
    <subfield code="t">v. 129</subfield>
  </datafield>
  <datafield tag="923" ind1=" " ind2=" ">
    <subfield code="a">20200607</subfield>
    <subfield code="n">644433</subfield>
    <subfield code="s">AmaLivre</subfield>
    <subfield code="t">v. 130</subfield>
  </datafield>
  <datafield tag="952" ind1=" " ind2=" ">
    <subfield code="a">Form AACR2; eb21 10-6-83.</subfield>
  </datafield>
  <datafield tag="991" ind1=" " ind2=" ">
    <subfield code="b">c-GenColl</subfield>
    <subfield code="h">CT143</subfield>
    <subfield code="i">.D5</subfield>
    <subfield code="t">Copy 1</subfield>
    <subfield code="w">BOOKS</subfield>
  </datafield>
  <datafield tag="991" ind1=" " ind2=" ">
    <subfield code="b">r-MRR</subfield>
    <subfield code="h">CT143</subfield>
    <subfield code="i">.D5</subfield>
    <subfield code="t">Copy 2</subfield>
    <subfield code="m">Biog</subfield>
    <subfield code="w">GenBib bi 87-000941</subfield>
  </datafield>
  <datafield tag="991" ind1=" " ind2=" ">
    <subfield code="b">r-CatRef</subfield>
    <subfield code="h">CT143</subfield>
    <subfield code="i">.D5</subfield>
    <subfield code="t">Copy 3</subfield>
    <subfield code="x">Withdrawn</subfield>
  </datafield>
</record></zs:recordData><zs:recordPosition>1</zs:recordPosition></zs:record>