<zs:record><zs:recordSchema>marcxml</zs:recordSchema><zs:recordPacking>xml</zs:recordPacking><zs:recordData><record xmlns="http://www.loc.gov/MARC21/slim">
  <leader>01557cas a2200445 a 4500</leader>
  <controlfield tag="001">15082705</controlfield>
  <controlfield tag="005">20170819084456.0</controlfield>
  <controlfield tag="008">940428u1993uuuuir mr p       0    0peroc</controlfield>
  <datafield tag="010" ind1=" " ind2=" ">
    <subfield code="a">  2001222878</subfield>
  </datafield>
  <datafield tag="022" ind1=" " ind2=" ">
    <subfield code="a">1023-2613</subfield>
    <subfield code="l">1023-2613</subfield>
    <subfield code="y">123--2613</subfield>
  </datafield>
  <datafield tag="035" ind1=" " ind2=" ">
    <subfield code="a">(OCoLC)ocm36088516 </subfield>
  </datafield>
  <datafield tag="040" ind1=" " ind2=" ">
    <subfield code="a">CUY</subfield>
    <subfield code="b">eng</subfield>
    <subfield code="c">CUY</subfield>
    <subfield code="d">OCL</subfield>
    <subfield code="d">CLU</subfield>
    <subfield code="d">DLC</subfield>
    <subfield code="d">OCLCQ</subfield>
    <subfield code="d">OCLCF</subfield>
    <subfield code="d">OCLCO</subfield>
    <subfield code="d">OCLCA</subfield>
    <subfield code="d">DLC</subfield>
  </datafield>
  <datafield tag="042" ind1=" " ind2=" ">
    <subfield code="a">pcc</subfield>
  </datafield>
  <datafield tag="043" ind1=" " ind2=" ">
    <subfield code="a">a-ir---</subfield>
  </datafield>
  <datafield tag="050" ind1="0" ind2="0">
    <subfield code="a">PN1993</subfield>
    <subfield code="b">.D86</subfield>
  </datafield>
  <datafield tag="050" ind1="1" ind2="4">
    <subfield code="a">PN1993</subfield>
  </datafield>
  <datafield tag="066" ind1=" " ind2=" ">
    <subfield code="c">(3</subfield>
  </datafield>
  <datafield tag="222" ind1=" " ind2="0">
    <subfield code="6">880-01</subfield>
    <subfield code="a">Dunya-yi tasvir</subfield>
  </datafield>
  <datafield tag="245" ind1="0" ind2="0">
    <subfield code="6">880-02</subfield>
    <subfield code="a">Dunya&#x304;-yi tas&#x323;vi&#x304;r.</subfield>
  </datafield>
  <datafield tag="246" ind1="1" ind2="5">
    <subfield code="a">Donyaye tassvir</subfield>
  </datafield>
  <datafield tag="246" ind1="1" ind2="1">
    <subfield code="a">Picture world</subfield>
    <subfield code="f">Apr. 1993-</subfield>
  </datafield>
  <datafield tag="246" ind1="1" ind2="1">
    <subfield code="a">Picture's world</subfield>
    <subfield code="f">Feb. 1993</subfield>
  </datafield>
  <datafield tag="260" ind1=" " ind2=" ">
    <subfield code="6">880-03</subfield>
    <subfield code="a">Tihra&#x304;n :</subfield>
    <subfield code="b">&#x2BB;Ali&#x304; Mu&#x2BB;allim,</subfield>
    <subfield code="c">1993-</subfield>
  </datafield>
  <datafield tag="300" ind1=" " ind2=" ">
    <subfield code="a">v. :</subfield>
    <subfield code="b">ill. ;</subfield>
    <subfield code="c">34 cm.</subfield>
  </datafield>
  <datafield tag="310" ind1=" " ind2=" ">
    <subfield code="a">Monthly</subfield>
  </datafield>
  <datafield tag="362" ind1="0" ind2=" ">
    <subfield code="a">1 (Feb. 1993)-</subfield>
  </datafield>
  <datafield tag="500" ind1=" " ind2=" ">
    <subfield code="a">"Art magazine."</subfield>
  </datafield>
  <datafield tag="588" ind1=" " ind2=" ">
    <subfield code="a">Latest issue consulted: Sa&#x304;l-i 13, shuma&#x304;rah-i 151 (A&#x304;zar 1384 [Oct. 2005]); title from cover.</subfield>
  </datafield>
  <datafield tag="650" ind1=" " ind2="0">
    <subfield code="a">Motion pictures</subfield>
    <subfield code="v">Periodicals.</subfield>
  </datafield>
  <datafield tag="650" ind1=" " ind2="0">
    <subfield code="a">Motion pictures</subfield>
    <subfield code="z">Iran</subfield>
    <subfield code="v">Periodicals.</subfield>
  </datafield>
  <datafield tag="650" ind1=" " ind2="7">
    <subfield code="a">Motion pictures.</subfield>
    <subfield code="2">fast</subfield>
    <subfield code="0">(OCoLC)fst01027285</subfield>
  </datafield>
  <datafield tag="651" ind1=" " ind2="7">
    <subfield code="a">Iran.</subfield>
    <subfield code="2">fast</subfield>
    <subfield code="0">(OCoLC)fst01204889</subfield>
  </datafield>
  <datafield tag="655" ind1=" " ind2="7">
    <subfield code="a">Periodicals.</subfield>
    <subfield code="2">fast</subfield>
    <subfield code="0">(OCoLC)fst01411641</subfield>
  </datafield>
  <datafield tag="850" ind1=" " ind2=" ">
    <subfield code="a">DLC</subfield>
  </datafield>
  <datafield tag="880" ind1=" " ind2="0">
    <subfield code="6">222-01/(3/r</subfield>
    <subfield code="a">&#x200F;&#x62F;&#x646;&#x64A;&#x627;&#x649; &#x62A;&#x635;&#x648;&#x64A;&#x631;</subfield>
  </datafield>
  <datafield tag="880" ind1="0" ind2="0">
    <subfield code="6">245-02/(3/r</subfield>
    <subfield code="a">&#x200F;&#x62F;&#x646;&#x64A;&#x627;&#x649; &#x62A;&#x635;&#x648;&#x64A;&#x631;.</subfield>
  </datafield>
  <datafield tag="880" ind1=" " ind2=" ">
    <subfield code="6">260-03/(3/r</subfield>
    <subfield code="a">&#x62A;&#x647;&#x631;&#x627;&#x646; :</subfield>
    <subfield code="b">&#x639;&#x644;&#x649; &#x645;&#x639;&#x644;&#x645;&#x60C;</subfield>
    <subfield code="c">1993</subfield>
  </datafield>
  <datafield tag="906" ind1=" " ind2=" ">
    <subfield code="a">7</subfield>
    <subfield code="b">cbc</subfield>
    <subfield code="c">sercoop</subfield>
    <subfield code="d">3</subfield>
    <subfield code="e">ncip</subfield>
    <subfield code="f">20</subfield>
    <subfield code="g">n-oclcserc</subfield>
  </datafield>
  <datafield tag="925" ind1="0" ind2=" ">
    <subfield code="a">Acquire</subfield>
    <subfield code="b">1 shelf copy</subfield>
    <subfield code="x">policy default 2017-08-17</subfield>
  </datafield>
  <datafield tag="955" ind1=" " ind2=" ">
    <subfield code="i">ce04 2017-08-17 to AMED</subfield>
  </datafield>
</record></zs:recordData><zs:recordPosition>2</zs:recordPosition></zs:record>