<zs:record><zs:recordSchema>marcxml</zs:recordSchema><zs:recordPacking>xml</zs:recordPacking><zs:recordData><record xmlns="http://www.loc.gov/MARC21/slim">
  <leader>11934cam a2201225 i 4500</leader>
  <controlfield tag="001">18747524</controlfield>
  <controlfield tag="005">20210811102028.0</controlfield>
  <controlfield tag="008">150818m20119999waua          000 0 eng  </controlfield>
  <datafield tag="906" ind1=" " ind2=" ">
    <subfield code="a">7</subfield>
    <subfield code="b">cbc</subfield>
    <subfield code="c">orignew</subfield>
    <subfield code="d">2</subfield>
    <subfield code="e">ncip</subfield>
    <subfield code="f">20</subfield>
    <subfield code="g">y-gencatlg</subfield>
  </datafield>
  <datafield tag="925" ind1="0" ind2=" ">
    <subfield code="a">acquire</subfield>
    <subfield code="b">1 shelf copy</subfield>
    <subfield code="x">policy default</subfield>
  </datafield>
  <datafield tag="955" ind1=" " ind2=" ">
    <subfield code="b">re09 2015-08-18</subfield>
    <subfield code="i">re09 2015-08-18</subfield>
    <subfield code="w">re09 2015-08-18 to BCCD</subfield>
    <subfield code="a">re09 2015-08-18 copy 2 of v.73-74, 78, 88, 90-91 to B03 discard truck</subfield>
    <subfield code="c">re09 2016-10-13 v. 92, 101-102 added, copy 2 of 92 discarded</subfield>
    <subfield code="c">re09 2017-02-01 vols. 93, 95-96, 98, 105 added, v. 105 copy 2 discarded</subfield>
    <subfield code="c">re09 2018-05-10 vols. 94, 100, 108, 110-116, 121-122 added</subfield>
    <subfield code="a">re09 2018-05-10 copy 2 of vols. 94, 100, 108, 114-116, 121 discarded</subfield>
    <subfield code="c">re09 2018-05-14 v. 120 added, copy 2 discarded</subfield>
    <subfield code="c">re09 2018-06-07 v. 124 added</subfield>
    <subfield code="c">re09 2018-08-01 v. 123 added, copy 2 discarded</subfield>
    <subfield code="c">re09 2018-09-10 v. 118 added</subfield>
    <subfield code="c">re09 2018-09-20 v. 117 added</subfield>
    <subfield code="c">re09 2018-11-07 added, copy 2 discarded</subfield>
    <subfield code="c">re09 2018-11-14 v. 126 added</subfield>
    <subfield code="c">re09 2019-01-09 v. 127 added</subfield>
    <subfield code="c">re09 2019-06-10 vols. 133 &amp; 135 added</subfield>
    <subfield code="a">re09 2019-10-23 v. 103 added, copy 2 discarded</subfield>
    <subfield code="c">re09 2019-11-04 v. 125 added</subfield>
    <subfield code="c">re09 2019-11-18 vols. 137-138 added</subfield>
    <subfield code="c">re09 2020-01-22 vols. 119, 140-141, 147 added</subfield>
    <subfield code="c">re09 2020-09-30 vols. 128, 131, 142 added</subfield>
    <subfield code="c">re09 2020-11-05 vols. 143-145 added</subfield>
    <subfield code="c">150 added re09 2021-08-11</subfield>
  </datafield>
  <datafield tag="010" ind1=" " ind2=" ">
    <subfield code="a">  2015451847</subfield>
  </datafield>
  <datafield tag="020" ind1=" " ind2=" ">
    <subfield code="a">9781601253095 (v. 44)</subfield>
  </datafield>
  <datafield tag="020" ind1=" " ind2=" ">
    <subfield code="a">9781601253101 (v. 45)</subfield>
  </datafield>
  <datafield tag="020" ind1=" " ind2=" ">
    <subfield code="a">9781601253118 (v. 46)</subfield>
  </datafield>
  <datafield tag="020" ind1=" " ind2=" ">
    <subfield code="a">9781601253125 (v. 47)</subfield>
  </datafield>
  <datafield tag="020" ind1=" " ind2=" ">
    <subfield code="a">9781601253132 (v. 48)</subfield>
  </datafield>
  <datafield tag="020" ind1=" " ind2=" ">
    <subfield code="a">9781601254214 (v. 59)</subfield>
  </datafield>
  <datafield tag="020" ind1=" " ind2=" ">
    <subfield code="a">9781601254221 (v. 60)</subfield>
  </datafield>
  <datafield tag="020" ind1=" " ind2=" ">
    <subfield code="a">9781601254528 (v. 61)</subfield>
  </datafield>
  <datafield tag="020" ind1=" " ind2=" ">
    <subfield code="a">9781601254597 (v. 62)</subfield>
  </datafield>
  <datafield tag="020" ind1=" " ind2=" ">
    <subfield code="a">9781601254696 (v. 63)</subfield>
  </datafield>
  <datafield tag="020" ind1=" " ind2=" ">
    <subfield code="a">9781601254740 (v. 64)</subfield>
  </datafield>
  <datafield tag="020" ind1=" " ind2=" ">
    <subfield code="a">9781601254870 (v. 65)</subfield>
  </datafield>
  <datafield tag="020" ind1=" " ind2=" ">
    <subfield code="a">9781601254917 (v. 66)</subfield>
  </datafield>
  <datafield tag="020" ind1=" " ind2=" ">
    <subfield code="a">9781601254924 (v. 67)</subfield>
  </datafield>
  <datafield tag="020" ind1=" " ind2=" ">
    <subfield code="a">9781601254931 (v. 68)</subfield>
  </datafield>
  <datafield tag="020" ind1=" " ind2=" ">
    <subfield code="a">9781601254948 (v. 69)</subfield>
  </datafield>
  <datafield tag="020" ind1=" " ind2=" ">
    <subfield code="a">9781601254955 (v. 70)</subfield>
  </datafield>
  <datafield tag="020" ind1=" " ind2=" ">
    <subfield code="a">9781601254962 (v. 71)</subfield>
  </datafield>
  <datafield tag="020" ind1=" " ind2=" ">
    <subfield code="a">9781601254979 (v. 72)</subfield>
  </datafield>
  <datafield tag="020" ind1=" " ind2=" ">
    <subfield code="a">9781601255532 (v. 73)</subfield>
  </datafield>
  <datafield tag="020" ind1=" " ind2=" ">
    <subfield code="a">9781601255686 (v. 74)</subfield>
  </datafield>
  <datafield tag="020" ind1=" " ind2=" ">
    <subfield code="a">9781601255778 (v. 75)</subfield>
  </datafield>
  <datafield tag="020" ind1=" " ind2=" ">
    <subfield code="a">9781601255853 (v. 76)</subfield>
  </datafield>
  <datafield tag="020" ind1=" " ind2=" ">
    <subfield code="a">9781601255860 (v. 77)</subfield>
  </datafield>
  <datafield tag="020" ind1=" " ind2=" ">
    <subfield code="a">9781601255877 (v. 78)</subfield>
  </datafield>
  <datafield tag="020" ind1=" " ind2=" ">
    <subfield code="a">9781601255884 (v. 79)</subfield>
  </datafield>
  <datafield tag="020" ind1=" " ind2=" ">
    <subfield code="a">9781601257048 (v. 88)</subfield>
  </datafield>
  <datafield tag="020" ind1=" " ind2=" ">
    <subfield code="a">9781601257116 (v. 89)</subfield>
  </datafield>
  <datafield tag="020" ind1=" " ind2=" ">
    <subfield code="a">9781601257246 (v. 90)</subfield>
  </datafield>
  <datafield tag="020" ind1=" " ind2=" ">
    <subfield code="a">9781601257253 (v. 91)</subfield>
  </datafield>
  <datafield tag="020" ind1=" " ind2=" ">
    <subfield code="a">9781601257260 (v. 92)</subfield>
  </datafield>
  <datafield tag="020" ind1=" " ind2=" ">
    <subfield code="a">9781601257277 (v. 93)</subfield>
  </datafield>
  <datafield tag="020" ind1=" " ind2=" ">
    <subfield code="a">9781601257284 (v. 94)</subfield>
  </datafield>
  <datafield tag="020" ind1=" " ind2=" ">
    <subfield code="a">9781601257291 (v. 95)</subfield>
  </datafield>
  <datafield tag="020" ind1=" " ind2=" ">
    <subfield code="a">9781601257307 (v. 96)</subfield>
  </datafield>
  <datafield tag="020" ind1=" " ind2=" ">
    <subfield code="a">9781601257680 (v. 97)</subfield>
  </datafield>
  <datafield tag="020" ind1=" " ind2=" ">
    <subfield code="a">9781601257840 (v. 98)</subfield>
  </datafield>
  <datafield tag="020" ind1=" " ind2=" ">
    <subfield code="a">9781601257956 (v. 100)</subfield>
  </datafield>
  <datafield tag="020" ind1=" " ind2=" ">
    <subfield code="a">9781601258007 (v. 101)</subfield>
  </datafield>
  <datafield tag="020" ind1=" " ind2=" ">
    <subfield code="a">9781601258083 (v. 102)</subfield>
  </datafield>
  <datafield tag="020" ind1=" " ind2=" ">
    <subfield code="a">9781601258182 (v. 103)</subfield>
  </datafield>
  <datafield tag="020" ind1=" " ind2=" ">
    <subfield code="a">9781601258274 (v. 105)</subfield>
  </datafield>
  <datafield tag="020" ind1=" " ind2=" ">
    <subfield code="a">9781601258519 (v. 108)</subfield>
  </datafield>
  <datafield tag="020" ind1=" " ind2=" ">
    <subfield code="a">9781601258922 (v. 110)</subfield>
  </datafield>
  <datafield tag="020" ind1=" " ind2=" ">
    <subfield code="a">9781601258991 (v. 111)</subfield>
  </datafield>
  <datafield tag="020" ind1=" " ind2=" ">
    <subfield code="a">9781601259080 (v. 112)</subfield>
  </datafield>
  <datafield tag="020" ind1=" " ind2=" ">
    <subfield code="a">9781601259134 (v. 113)</subfield>
  </datafield>
  <datafield tag="020" ind1=" " ind2=" ">
    <subfield code="a">9781601259196 (v. 114)</subfield>
  </datafield>
  <datafield tag="020" ind1=" " ind2=" ">
    <subfield code="a">9781601259264 (v. 115)</subfield>
  </datafield>
  <datafield tag="020" ind1=" " ind2=" ">
    <subfield code="a">9781601259325 (v. 116)</subfield>
  </datafield>
  <datafield tag="020" ind1=" " ind2=" ">
    <subfield code="a">9781601259356 (v. 117)</subfield>
  </datafield>
  <datafield tag="020" ind1=" " ind2=" ">
    <subfield code="a">9781601259400 (v. 118)</subfield>
  </datafield>
  <datafield tag="020" ind1=" " ind2=" ">
    <subfield code="a">9781601259431 (v. 119)</subfield>
  </datafield>
  <datafield tag="020" ind1=" " ind2=" ">
    <subfield code="a">9781601259523 (v. 120)</subfield>
  </datafield>
  <datafield tag="020" ind1=" " ind2=" ">
    <subfield code="a">9781601259646 (v. 121)</subfield>
  </datafield>
  <datafield tag="020" ind1=" " ind2=" ">
    <subfield code="a">9781601259721 (v. 122)</subfield>
  </datafield>
  <datafield tag="020" ind1=" " ind2=" ">
    <subfield code="a">9781601259813 (v. 123)</subfield>
  </datafield>
  <datafield tag="020" ind1=" " ind2=" ">
    <subfield code="a">9781601259882 (v. 124)</subfield>
  </datafield>
  <datafield tag="020" ind1=" " ind2=" ">
    <subfield code="a">9781601259981 (v. 125)</subfield>
  </datafield>
  <datafield tag="020" ind1=" " ind2=" ">
    <subfield code="a">9781640780095 (v. 126)</subfield>
  </datafield>
  <datafield tag="020" ind1=" " ind2=" ">
    <subfield code="a">9781640780156 (v. 127)</subfield>
  </datafield>
  <datafield tag="020" ind1=" " ind2=" ">
    <subfield code="a">9781640780255 (v. 128)</subfield>
  </datafield>
  <datafield tag="020" ind1=" " ind2=" ">
    <subfield code="a">9781640780378 (v. 130)</subfield>
  </datafield>
  <datafield tag="020" ind1=" " ind2=" ">
    <subfield code="a">9781640780453 (v. 131)</subfield>
  </datafield>
  <datafield tag="020" ind1=" " ind2=" ">
    <subfield code="a">9781640780620 (v. 133)</subfield>
  </datafield>
  <datafield tag="020" ind1=" " ind2=" ">
    <subfield code="a">9781640780798 (v. 135)</subfield>
  </datafield>
  <datafield tag="020" ind1=" " ind2=" ">
    <subfield code="a">9781640780910 (v. 136)</subfield>
  </datafield>
  <datafield tag="020" ind1=" " ind2=" ">
    <subfield code="a">9781640780989 (v. 137)</subfield>
  </datafield>
  <datafield tag="020" ind1=" " ind2=" ">
    <subfield code="a">9781640781061 (v. 138)</subfield>
  </datafield>
  <datafield tag="020" ind1=" " ind2=" ">
    <subfield code="a">9781640781191 (v. 140)</subfield>
  </datafield>
  <datafield tag="020" ind1=" " ind2=" ">
    <subfield code="a">9781640781344 (v. 142)</subfield>
  </datafield>
  <datafield tag="020" ind1=" " ind2=" ">
    <subfield code="a">9781640781405 (v. 143)</subfield>
  </datafield>
  <datafield tag="020" ind1=" " ind2=" ">
    <subfield code="a">9781640781443 (v. 144)</subfield>
  </datafield>
  <datafield tag="020" ind1=" " ind2=" ">
    <subfield code="a">9781640781733 (v. 145)</subfield>
  </datafield>
  <datafield tag="020" ind1=" " ind2=" ">
    <subfield code="a">9781640781917 (v. 147)</subfield>
  </datafield>
  <datafield tag="020" ind1=" " ind2=" ">
    <subfield code="a">9781640781955 (v. 150)</subfield>
  </datafield>
  <datafield tag="040" ind1=" " ind2=" ">
    <subfield code="a">DLC</subfield>
    <subfield code="b">eng</subfield>
    <subfield code="e">rda</subfield>
    <subfield code="c">DLC</subfield>
  </datafield>
  <datafield tag="042" ind1=" " ind2=" ">
    <subfield code="a">pcc</subfield>
  </datafield>
  <datafield tag="050" ind1="0" ind2="0">
    <subfield code="a">GV1469.62.P38</subfield>
    <subfield code="b">P35</subfield>
  </datafield>
  <datafield tag="082" ind1="0" ind2="0">
    <subfield code="a">793.93</subfield>
    <subfield code="2">23</subfield>
  </datafield>
  <datafield tag="245" ind1="0" ind2="0">
    <subfield code="a">Pathfinder adventure path.</subfield>
  </datafield>
  <datafield tag="246" ind1="1" ind2="8">
    <subfield code="a">Pathfinder</subfield>
  </datafield>
  <datafield tag="264" ind1=" " ind2="1">
    <subfield code="a">Redmond, WA :</subfield>
    <subfield code="b">Paizo Publishing, LLC,</subfield>
    <subfield code="c">[2011]-&lt;c2019&gt;</subfield>
  </datafield>
  <datafield tag="300" ind1=" " ind2=" ">
    <subfield code="a">volumes :</subfield>
    <subfield code="b">color illustrations ;</subfield>
    <subfield code="c">28 cm</subfield>
  </datafield>
  <datafield tag="336" ind1=" " ind2=" ">
    <subfield code="a">text</subfield>
    <subfield code="b">txt</subfield>
    <subfield code="2">rdacontent</subfield>
  </datafield>
  <datafield tag="337" ind1=" " ind2=" ">
    <subfield code="a">unmediated</subfield>
    <subfield code="b">n</subfield>
    <subfield code="2">rdamedia</subfield>
  </datafield>
  <datafield tag="338" ind1=" " ind2=" ">
    <subfield code="a">volume</subfield>
    <subfield code="b">nc</subfield>
    <subfield code="2">rdacarrier</subfield>
  </datafield>
  <datafield tag="505" ind1="1" ind2=" ">
    <subfield code="a">volume 44. Carrion crown. Part 2 of 6. Trial of the beast / by Richard Pett -- volume 45. Carrion crown. Part 3 of 6. Broken moon / by Tim Hitchcock -- volume 46. Carrion crown. Part 4 of 6. Wake of the watcher / by Greg A. Vaughan -- volume 47. Carrion crown. Part 5 of 6. Ashes at dawn / by Neil Spicer -- volume 48. Carrion crown. Part 6 of 6. Shadows of Gallowspire / by Brandon Hodge -- volume 59. Skull &amp; shackles. Part 5 of 6. The price of infamy / by Tim Hitchcock -- volume 60. Skull &amp; shackles. Part 6 of 6. From Hell's heart / by Jason Nelson -- volume 61. Shattered star. Part 1 of 6. Shards of sin / by Greg A. Vaughan -- volume 62. Shattered star. Part 2 of 6. Curse of the lady's light / by Mike Shel -- volume 63. Shattered star. Part 3 of 6. The asylum stone / by James L. Sutter -- volume 64. Shattered star. Part 4 of 6. Beyond the doomsday door / by Tito Leati -- volume 65. Shattered star. Part 5 of 6. Into the nightmare rift / by Richard Pett -- volume 66. Shattered star. Part 6 of 6. The dead heart of Xin / by Brandon Hodge -- volume 67. Reign of winter. Part 1 of 6. The snows of summer / by Neil Spicer -- volume 68. Reign of winter. Part 2 of 6. The shackled hut / by Jim Groves -- volume 69. Reign of winter. Part 3 of 6. Maiden, mother, crone / by Tim Hitchcock -- volume 70. Reign of winter. Part 4 of 6. The frozen stars / by Matthew Goodall -- volume 71. Reign of winter. Part 5 of 6. Rasputin must die! / by Brandon Hodge -- volume 72. Reign of winter. Part 6 of 6. The witch queen's revenge / by Greg A. Vaughan  -- volume 73. Wrath of the righteous. Part 1 of 6. The worldwound incursion / by Amber E. Scott -- volume 74. Wrath of the righteous. Part 2 of 6. Sword of valor / by Neil Spicer -- volume 75. Wrath of the righteous. Part 3 of 6. Demon's heresy / by Jim Groves -- volume 76. Wrath of the righteous. Part 4 of 6. The midnight isles / by James Jacobs and Greg A. Vaughan -- volume 77. Wrath of the righteous. Part 5 of 6. Herald of the ivory labyrinth / by Wolfgang Baur -- volume 78. Wrath of the righteous. Part 6 of 6. City of locusts / by Richard Pett -- volume 79. Mummy's mask. Part 1 of 6. The half-dead city / by Jim Groves -- volume 88. Iron gods. Part 4 of 6. Valley of the brain collectors / by Mike Shel -- volume 89. Iron gods. Part 5 of 6. Palace of fallen stars / by Tim Hitchcock -- volume 90. Iron gods. Part 6 of 6. The divinity drive / by Crystal Frasier -- volume 91. Giantslayer. Part 1 of 6. Battle of Bloodmarch Hill / by Patrick Renie -- volume 92. Giantslayer. Part 2 of 6. The hill giant's pledge / by Larry Wilhelm -- volume 93. Giantslayer. Forge of the giant god. Adventure path part 3 of 6 / by Tim Hitchcock -- volume 94. Giantslayer. Part 4 of 6. Ice tomb of the giant queen / by Jim Groves -- volume 95. Giantslayer. Anvil of fire. Adventure path part 5 of 6 / by Sean K. Reynolds -- volume 96. Giantslayer. Shadow of the storm tyrant. Adventure path part 6 of 6 / by Tito Leati -- volume 97. Hell's rebels: in hell's bright shadow. Part 1 of 6 / by Crystal Frasier -- volume 98. Hell's rebels. Adventure path 2 of 6. Turn of the torrent  / by Mike Shel -- volume 100. Hell's rebels. A song of silver. Adventure path 4 of 6 / by James Jacobs -- volume 101. Hell's rebels. Adventure path 5 of 6. The Kintargo contract / by Jim Groves -- volume 102. Hell's rebels. Adventure path 6 of 6. Breaking the bones of Hell / by Amber E. Scott -- volume 103. Hell's vengeance. Adventure path  1 of 6. The hellfire compact / by F. Wesley Schneider -- volume 105. Hell's vengeance: The inferno gate. Adventure path part 3 of 6 / by Patrick Renie</subfield>
  </datafield>
  <datafield tag="505" ind1="1" ind2=" ">
    <subfield code="a">volume 108. Hell's vengeance. Hell comes to town. Adventure path 6 of 6 / by Ron Lundeen -- volume 110. Strange aeons. The Thrushmoor terror. Adventure path 2 of 6 / by Tito Leati -- volume 111. Strange aeons. Dreams of the yellow king.  Adventure path 3 of 6 / by Ron Lundeen -- volume 112. Strange aeons. The whisper out of time. Adventure path 4 of 6 / by Richard Pett -- volume 113. Strange aeons. What grows within. Adventure path 5 of 6 / by John Compton -- volume 114. Strange aeons. Black stars beckon. Adventure path 6 of 6 / by Jim Groves -- volume. 115. Ironfang invasion. Trail of the hunted. Adventure path 1 of 6 / by Amber E. Scott -- volume 116. Ironfang invasion. Fangs of war. Adventure path 2 of 6 / by Ron Lundeen -- volume 117. Assault on Longshadow. Adventure path 3 of 6 / by Benjamin Bruck and Thurston Hillman -- volume 118. Siege of stone. Adventure path 4 of 6 / by Thurston Hillman -- volume 119. Ironfang invasion. Prisoners of the blight. Adventure path 5 of 6 / by Amanda Hamon Kunz -- volume 120. Ironfang invasion. Vault of the onyx citadel. Adventure path 6 of 6 / by Larry Wilhelm -- volume 121. Ruins of Azlant. The lost outpost. Adventure path 1 of 6 / by Jim Groves -- volume 122. Ruins of Azlant. Into shattered continent. Adventure path 2 of 6 / by Robert Brookes -- volume 123. Ruins of Azland. The flooded cathedral. Adventure path 3 of 6 / by Mikko Kallio -- volume 124. Ruins of Azlant. City in the deep. Adventure path 4 of 6 / by Amber E. Scott -- volume 125. Ruins of Azlant. Tower of the drowned dead. Adventure path 5 of 6 / by Ron Lundeen -- volume 126. Ruins of Azlant. Beyond the veiled path. Adventure path 6 of 6 / by Thurston Hillman -- volume 127. War for the crown. Crownfall. Adventure path 1 of 6 / by Thurston Hillman -- volume 128. War for the crown. Songbird, scion, saboteur. Adventure path 2 of 6 / by Crystal Frasier and Richard Pett -- volume 130. War for the crown. City in the lion's eye. Adventure path 4 of 6 / by Mikko Kallio -- volume 131. War for the crown. The reaper's right hand. Adventure path 5 of 6 / by John Compton -- volume 133. Return of the Runelords. Secrets of Roderic's Cove. Adventure path 1 of 6 / by Adam Daigle -- volume 135. Return of the Runelords. Runerplague. Adventure path 3 of 6 / by Richard Pett -- volume 136. Return of the Runelords. Temple of the peacock spirit. Adventure path 4 of 6 / by Jason Keeley -- volume 137. Return of the Runelords. The city outside of time. Advemture path 5 of 6 / by Amanda Hamon Kunz -- volume 138. Return of the Runelords. Rise of New Thassilon. Adventure path 6 of 6 / by Greg A. Vaughan -- volume 140. Tyrant's grasp. Eulogy for Roslar's Coffer. Adventure path 2 of 6 / by Jason Keeley -- volume 141. Tyrant's grasp. Last watch. Adventure path 3 of 6 / by Larry Wilhelm -- volume 142. Tyrant's grasp. Gardens of Gallowspire. Adventure path 4 of 6 / by Crystal Frasier -- volume 143. Tyrant's grasp. Borne of the sun's grace. Adventure path 5 of 6 / by Luis Loza -- volume 144. Tyrant's grasp. Midwives to Death. Adventure path 6 of 6 / by John Compton -- volume 145. Age of ashes. Hellknight Hill. Second edition. Adventure path 1 of 6 / by Amanda Hamon --  volume 147.  Age of ashes. Second edition. Tomorrow must burn. Adventure path 3 of 6 / by Ron Lundeen and Stephanie Lundeen -- volume 150. Age of ashes.  Broken promises. Adventure path 6 of 6. Second edition / by Luis Loza</subfield>
  </datafield>
  <datafield tag="650" ind1=" " ind2="0">
    <subfield code="a">Pathfinder (Game)</subfield>
  </datafield>
  <datafield tag="952" ind1=" " ind2=" ">
    <subfield code="a">Rejected as serial by C. Davis.</subfield>
  </datafield>
  <datafield tag="952" ind1=" " ind2=" ">
    <subfield code="a">Numbering on spine; will not be visible after binding.</subfield>
  </datafield>
  <datafield tag="952" ind1=" " ind2=" ">
    <subfield code="a">Other volumes of Pathfinder adventure path may be cataloged separately.</subfield>
  </datafield>
</record></zs:recordData><zs:recordPosition>5</zs:recordPosition></zs:record>