<zs:record><zs:recordSchema>marcxml</zs:recordSchema><zs:recordPacking>xml</zs:recordPacking><zs:recordData><record xmlns="http://www.loc.gov/MARC21/slim">
  <leader>16619cam a2202401 a 4500</leader>
  <controlfield tag="001">3210651</controlfield>
  <controlfield tag="005">20190904090819.0</controlfield>
  <controlfield tag="008">781103m19799999nyua     b    001 0 eng  </controlfield>
  <datafield tag="906" ind1=" " ind2=" ">
    <subfield code="a">0</subfield>
    <subfield code="b">vip</subfield>
    <subfield code="c">orignew</subfield>
    <subfield code="d">1</subfield>
    <subfield code="e">ocip</subfield>
    <subfield code="f">19</subfield>
    <subfield code="g">y-gencatlg</subfield>
  </datafield>
  <datafield tag="925" ind1="0" ind2=" ">
    <subfield code="a">acquire</subfield>
    <subfield code="b">2 shelf copies</subfield>
    <subfield code="x">Sel/rjc, 2016-08-26</subfield>
  </datafield>
  <datafield tag="955" ind1=" " ind2=" ">
    <subfield code="a">Tracking for vols 1-114 deleted for space per PSD; 2009-07-30;</subfield>
    <subfield code="e">xj01 2011-11-01 added vols. 116-117, copies 1, vol. 118, copies 1-2 to CALM</subfield>
    <subfield code="c">xj01 2011-09-06</subfield>
    <subfield code="e">xj01 2011-09-06 added index v. 3, copies 1-2 to CALM</subfield>
    <subfield code="e">tc12 2011-11-02 Set 3: v.104, v.113-115, v.118, Index (v.51-100: pt. 3) to FM</subfield>
    <subfield code="a">xj15 2012-02-08 (added v. 101, 102, 108, 110)</subfield>
    <subfield code="a">xj15 2012-04-25 (added v. 119, 120)</subfield>
    <subfield code="a">xj15 2012-05-21 (added 123, 124)</subfield>
    <subfield code="c">xj99 2013-06-05 (added 125, 129-131 to copy 1, v. 125 to copy 2; added 020s and updated 260, 300, started a new 505 field with v. 125)</subfield>
    <subfield code="c">rm99 2013-09-03 added 126-128, 132 to r-Main reading room; need more copies for other locations</subfield>
    <subfield code="c">bc07 2014-04-08 added v. 129 to r-Newspaper have to talk with AG how to add for gencoll.--copy 1 used to be gencoll and it was changed to MRR, copy 2 to Newspaper, copy 3 Landover, but I am not allowed to add.</subfield>
    <subfield code="c">bc07 2015-04-0 9 added v. 130 (copy 2) to rNewspaper and copy 3 to GenCol.</subfield>
  </datafield>
  <datafield tag="955" ind1=" " ind2=" ">
    <subfield code="c">bc07 2014-04-17 consulted with Selection Officer: General Collection needs 2 current copies: for copy 3 and copy 4. If possible do not wait for discards from MRR; added 125. 128, 128 for copy 3; added 128 for copy 4;</subfield>
    <subfield code="c">bc07 2014-07-22  added v. 131 (copy 2) to rNewspaper and gencol (copy 3)</subfield>
    <subfield code="a">xk06 2014-09-30 v. 132 (copy 2) to Newsp/Current Per, (copy 3) to GenColl</subfield>
  </datafield>
  <datafield tag="955" ind1=" " ind2=" ">
    <subfield code="a">xj15 2012-07-03 (added 121,122)</subfield>
    <subfield code="c">xj15 2012-07-03 (added to: 020, 300, 500, 505)</subfield>
    <subfield code="a">xn12 2015-06-05 v. 135-136 rec'd., to CIP ver.</subfield>
    <subfield code="c">bc07 2016-03-04 added v. 134, 137-138, index 5 copy 1 to MRR, copy 3 to     GenCol.</subfield>
    <subfield code="c">bc07 2016-03-31 added v. 139-140 copy 1 to MRR, index 5 copy 2 to rNewspaper</subfield>
    <subfield code="c">bc07  2016-04-20 v. 141-142 copy 1 to MRR</subfield>
    <subfield code="f">rm04 2017-01-24 added copy 3 to GenCol.</subfield>
    <subfield code="f">rm04 2017-02-07 Copy 3 vol. 107 to GenCol.</subfield>
    <subfield code="t">rm04 2017-07-26 vol. 142 to CALM</subfield>
    <subfield code="c">rm06 2018-10-16 vol. 142-146 to MRR</subfield>
    <subfield code="c">rm06 2018-10-25 vol. 142-143, 145-146 Copy 2 for ref.</subfield>
    <subfield code="c">rm06 2018-10-25 vol. 143, 145-146 Copy 3 to GenCol.</subfield>
  </datafield>
  <datafield tag="955" ind1=" " ind2=" ">
    <subfield code="a">ADDED VOLS: v. 135-136 xn12 2015-06-05 to USPRLL</subfield>
  </datafield>
  <datafield tag="955" ind1=" " ind2=" ">
    <subfield code="a">ADDED VOLS: v. 137  rn02  2015-09-17  ( 2 copies) to LIT</subfield>
  </datafield>
  <datafield tag="955" ind1=" " ind2=" ">
    <subfield code="a">INDEXES: copies needed</subfield>
  </datafield>
  <datafield tag="955" ind1=" " ind2=" ">
    <subfield code="a">ADDED VOLS: v. 123 xn02 2012-05-08 to USPL</subfield>
  </datafield>
  <datafield tag="955" ind1=" " ind2=" ">
    <subfield code="a">ADDED VOLS: v. 124 xn04 2012-05-09 to USPL</subfield>
  </datafield>
  <datafield tag="955" ind1=" " ind2=" ">
    <subfield code="a">ADDED VOLS: v. 121-122 xn02 2012-09-07 to USPL</subfield>
  </datafield>
  <datafield tag="955" ind1=" " ind2=" ">
    <subfield code="a">ADDED VOLS: v. 101-120 xn02 2012-09-07 to USPL</subfield>
  </datafield>
  <datafield tag="955" ind1=" " ind2=" ">
    <subfield code="a">ADDED VOLS: v. 125 xe08 (2 copies)2013-04-01 to USPL</subfield>
  </datafield>
  <datafield tag="955" ind1=" " ind2=" ">
    <subfield code="a">ADDED VOLS: v. 133 rm08 2014-10-09 to USASH</subfield>
  </datafield>
  <datafield tag="955" ind1=" " ind2=" ">
    <subfield code="a">ADDED VOLS: v. 147 rn05 2019-04-11 to USASH</subfield>
  </datafield>
  <datafield tag="010" ind1=" " ind2=" ">
    <subfield code="a">   78026126 </subfield>
  </datafield>
  <datafield tag="020" ind1=" " ind2=" ">
    <subfield code="a">0379006901 (v. 1)</subfield>
  </datafield>
  <datafield tag="020" ind1=" " ind2=" ">
    <subfield code="a">0379007045 (v. 10)</subfield>
  </datafield>
  <datafield tag="020" ind1=" " ind2=" ">
    <subfield code="a">037900707X (v. 13)</subfield>
  </datafield>
  <datafield tag="020" ind1=" " ind2=" ">
    <subfield code="a">0379007088 (v. 14)</subfield>
  </datafield>
  <datafield tag="020" ind1=" " ind2=" ">
    <subfield code="a">0379007096 (v. 15)</subfield>
  </datafield>
  <datafield tag="020" ind1=" " ind2=" ">
    <subfield code="a">0379007126 (v. 16)</subfield>
  </datafield>
  <datafield tag="020" ind1=" " ind2=" ">
    <subfield code="a">0379007142 (v. 18)</subfield>
  </datafield>
  <datafield tag="020" ind1=" " ind2=" ">
    <subfield code="a">0379007150 (v. 19 : acid-free paper)</subfield>
  </datafield>
  <datafield tag="020" ind1=" " ind2=" ">
    <subfield code="a">0379007169 (v. 20 : acid-free paper)</subfield>
  </datafield>
  <datafield tag="020" ind1=" " ind2=" ">
    <subfield code="a">0379007177 (v. 21)</subfield>
  </datafield>
  <datafield tag="020" ind1=" " ind2=" ">
    <subfield code="a">0379007193 (v. 23 : acid-free paper)</subfield>
  </datafield>
  <datafield tag="020" ind1=" " ind2=" ">
    <subfield code="a">0379007207 (v. 24 : acid-free paper)</subfield>
  </datafield>
  <datafield tag="020" ind1=" " ind2=" ">
    <subfield code="a">0379007215 (v. 25 : acid-free paper)</subfield>
  </datafield>
  <datafield tag="020" ind1=" " ind2=" ">
    <subfield code="a">0379007223 (v. 26 : acid-free paper)</subfield>
  </datafield>
  <datafield tag="020" ind1=" " ind2=" ">
    <subfield code="a">0379007231 (v. 27 : acid-free paper)</subfield>
  </datafield>
  <datafield tag="020" ind1=" " ind2=" ">
    <subfield code="a">037900724X (v. 28 : acid-free paper)</subfield>
  </datafield>
  <datafield tag="020" ind1=" " ind2=" ">
    <subfield code="a">0379007517 (v. 29 : acid-free paper)</subfield>
  </datafield>
  <datafield tag="020" ind1=" " ind2=" ">
    <subfield code="a">0379007525 (v. 30 : acid-free paper)</subfield>
  </datafield>
  <datafield tag="020" ind1=" " ind2=" ">
    <subfield code="a">0379007533 (v. 31 : acid-free paper)</subfield>
  </datafield>
  <datafield tag="020" ind1=" " ind2=" ">
    <subfield code="a">037900755X (v. 32 : acid-free paper)</subfield>
  </datafield>
  <datafield tag="020" ind1=" " ind2=" ">
    <subfield code="a">0379007568 (v. 33 : acid-free paper)</subfield>
  </datafield>
  <datafield tag="020" ind1=" " ind2=" ">
    <subfield code="a">0379007576 (v. 34 : acid-free paper)</subfield>
  </datafield>
  <datafield tag="020" ind1=" " ind2=" ">
    <subfield code="a">0379007584 (v. 35 : acid-free paper)</subfield>
  </datafield>
  <datafield tag="020" ind1=" " ind2=" ">
    <subfield code="a">0379007592 (v. 36 : acid-free paper)</subfield>
  </datafield>
  <datafield tag="020" ind1=" " ind2=" ">
    <subfield code="a">0379007606 (v. 37 : acid-free paper)</subfield>
  </datafield>
  <datafield tag="020" ind1=" " ind2=" ">
    <subfield code="a">0379007614 (v. 38 : acid-free paper)</subfield>
  </datafield>
  <datafield tag="020" ind1=" " ind2=" ">
    <subfield code="a">0379007622 (v. 39 : acid-free paper)</subfield>
  </datafield>
  <datafield tag="020" ind1=" " ind2=" ">
    <subfield code="a">0379007630 (v. 40 : acid-free paper)</subfield>
  </datafield>
  <datafield tag="020" ind1=" " ind2=" ">
    <subfield code="a">0379007649 (v. 41 : acid-free paper)</subfield>
  </datafield>
  <datafield tag="020" ind1=" " ind2=" ">
    <subfield code="a">0379007657 (v. 42 : acid-free paper)</subfield>
  </datafield>
  <datafield tag="020" ind1=" " ind2=" ">
    <subfield code="a">0379007665 (v. 43 : acid-free paper)</subfield>
  </datafield>
  <datafield tag="020" ind1=" " ind2=" ">
    <subfield code="a">0379007673 (v. 44 : acid-free paper)</subfield>
  </datafield>
  <datafield tag="020" ind1=" " ind2=" ">
    <subfield code="a">0379007681 (v. 45 : acid-free paper)</subfield>
  </datafield>
  <datafield tag="020" ind1=" " ind2=" ">
    <subfield code="a">037900769X (v. 46 : acid-free paper)</subfield>
  </datafield>
  <datafield tag="020" ind1=" " ind2=" ">
    <subfield code="a">0379007703 (v. 47 : acid-free paper)</subfield>
  </datafield>
  <datafield tag="020" ind1=" " ind2=" ">
    <subfield code="a">0379007711 (v. 48 : acid-free paper)</subfield>
  </datafield>
  <datafield tag="020" ind1=" " ind2=" ">
    <subfield code="a">0379007738 (v. 50 : acid-free paper)</subfield>
  </datafield>
  <datafield tag="020" ind1=" " ind2=" ">
    <subfield code="a">037900853X (v. 51 : acid-free paper)</subfield>
  </datafield>
  <datafield tag="020" ind1=" " ind2=" ">
    <subfield code="a">0379008548 (v. 52 : acid-free paper)</subfield>
  </datafield>
  <datafield tag="020" ind1=" " ind2=" ">
    <subfield code="a">0379008564 (v. 53 : acid-free paper)</subfield>
  </datafield>
  <datafield tag="020" ind1=" " ind2=" ">
    <subfield code="a">0379008572 (v. 54 : acid-free paper)</subfield>
  </datafield>
  <datafield tag="020" ind1=" " ind2=" ">
    <subfield code="a">0379008580 (v. 55 : acid-free paper)</subfield>
  </datafield>
  <datafield tag="020" ind1=" " ind2=" ">
    <subfield code="a">0379008599 (v. 56 : acid-free paper)</subfield>
  </datafield>
  <datafield tag="020" ind1=" " ind2=" ">
    <subfield code="a">0379008602 (v. 57 : acid-free paper)</subfield>
  </datafield>
  <datafield tag="020" ind1=" " ind2=" ">
    <subfield code="a">0379008610 (v. 58 : acid-free paper)</subfield>
  </datafield>
  <datafield tag="020" ind1=" " ind2=" ">
    <subfield code="a">0379008629 (v. 59 : acid-free paper)</subfield>
  </datafield>
  <datafield tag="020" ind1=" " ind2=" ">
    <subfield code="a">0379008637 (v. 60 : acid-free paper)</subfield>
  </datafield>
  <datafield tag="020" ind1=" " ind2=" ">
    <subfield code="a">0379008645 (v. 61 : acid-free paper)</subfield>
  </datafield>
  <datafield tag="020" ind1=" " ind2=" ">
    <subfield code="a">0379008653 (v. 62 : acid-free paper)</subfield>
  </datafield>
  <datafield tag="020" ind1=" " ind2=" ">
    <subfield code="a">0379008661 (v. 63 : acid-free paper)</subfield>
  </datafield>
  <datafield tag="020" ind1=" " ind2=" ">
    <subfield code="a">037900867X (v. 64 : acid-free paper)</subfield>
  </datafield>
  <datafield tag="020" ind1=" " ind2=" ">
    <subfield code="a">0379008688 (v. 65 : acid-free paper)</subfield>
  </datafield>
  <datafield tag="020" ind1=" " ind2=" ">
    <subfield code="a">0379008696 (v. 66 : acid-free paper)</subfield>
  </datafield>
  <datafield tag="020" ind1=" " ind2=" ">
    <subfield code="a">037900870X (v. 67 : acid-free paper)</subfield>
  </datafield>
  <datafield tag="020" ind1=" " ind2=" ">
    <subfield code="a">0379008718 (v. 68 : acid-free paper)</subfield>
  </datafield>
  <datafield tag="020" ind1=" " ind2=" ">
    <subfield code="a">9780379008722 (v. 69 : acid-free paper)</subfield>
  </datafield>
  <datafield tag="020" ind1=" " ind2=" ">
    <subfield code="a">0379008726 (v. 69 : acid-free paper)</subfield>
  </datafield>
  <datafield tag="020" ind1=" " ind2=" ">
    <subfield code="a">9780379008739 (v. 70 : acid-free paper)</subfield>
  </datafield>
  <datafield tag="020" ind1=" " ind2=" ">
    <subfield code="a">0379008734 (v. 70 : acid-free paper)</subfield>
  </datafield>
  <datafield tag="020" ind1=" " ind2=" ">
    <subfield code="a">9780379008746 (v. 71 : acid-free paper)</subfield>
  </datafield>
  <datafield tag="020" ind1=" " ind2=" ">
    <subfield code="a">0379008742 (v. 71 : acid-free paper)</subfield>
  </datafield>
  <datafield tag="020" ind1=" " ind2=" ">
    <subfield code="a">9780379008906 (v. 72 : acid-free paper)</subfield>
  </datafield>
  <datafield tag="020" ind1=" " ind2=" ">
    <subfield code="a">0379008904 (v. 72 : acid-free paper)</subfield>
  </datafield>
  <datafield tag="020" ind1=" " ind2=" ">
    <subfield code="a">9780379008913 (v. 73 : acid-free paper)</subfield>
  </datafield>
  <datafield tag="020" ind1=" " ind2=" ">
    <subfield code="a">0379008912 (v. 73 : acid-free paper)</subfield>
  </datafield>
  <datafield tag="020" ind1=" " ind2=" ">
    <subfield code="a">9780379008920 (v. 74 : acid-free paper)</subfield>
  </datafield>
  <datafield tag="020" ind1=" " ind2=" ">
    <subfield code="a">0379008920 (v. 74 : acid-free paper)</subfield>
  </datafield>
  <datafield tag="020" ind1=" " ind2=" ">
    <subfield code="a">9780379008937 (v. 75 : acid-free paper)</subfield>
  </datafield>
  <datafield tag="020" ind1=" " ind2=" ">
    <subfield code="a">0379008939 (v. 75 : acid-free paper)</subfield>
  </datafield>
  <datafield tag="020" ind1=" " ind2=" ">
    <subfield code="a">9780379008944 (v. 76 : acid-free paper)</subfield>
  </datafield>
  <datafield tag="020" ind1=" " ind2=" ">
    <subfield code="z">0379008944 (v. 76 : acid-free paper)</subfield>
  </datafield>
  <datafield tag="020" ind1=" " ind2=" ">
    <subfield code="a">9780379008951 (v. 77 : acid-free paper)</subfield>
  </datafield>
  <datafield tag="020" ind1=" " ind2=" ">
    <subfield code="z">0979008955 (v. 77 : acid-free paper)</subfield>
  </datafield>
  <datafield tag="020" ind1=" " ind2=" ">
    <subfield code="a">9780195325126 (v. 78 : acid-free paper)</subfield>
  </datafield>
  <datafield tag="020" ind1=" " ind2=" ">
    <subfield code="a">9780195325133 (v. 79 : acid-free paper)</subfield>
  </datafield>
  <datafield tag="020" ind1=" " ind2=" ">
    <subfield code="a">9780195338713 (v. 80 : acid-free paper)</subfield>
  </datafield>
  <datafield tag="020" ind1=" " ind2=" ">
    <subfield code="a">9780195338720 (v. 81 : acid-free paper)</subfield>
  </datafield>
  <datafield tag="020" ind1=" " ind2=" ">
    <subfield code="a">9780195338737 (v. 82 : acid-free paper)</subfield>
  </datafield>
  <datafield tag="020" ind1=" " ind2=" ">
    <subfield code="a">9780195338744 (v. 83 : Acid free paper)</subfield>
  </datafield>
  <datafield tag="020" ind1=" " ind2=" ">
    <subfield code="a">9780195338768 (v. 85 : acid-free paper)</subfield>
  </datafield>
  <datafield tag="020" ind1=" " ind2=" ">
    <subfield code="a">9780195338775 (v. 86 : acid-free paper)</subfield>
  </datafield>
  <datafield tag="020" ind1=" " ind2=" ">
    <subfield code="a">9780195338782 (v. 87 : acid-free paper)</subfield>
  </datafield>
  <datafield tag="020" ind1=" " ind2=" ">
    <subfield code="a">9780195376920 (v. 88 : acid-free paper)</subfield>
  </datafield>
  <datafield tag="020" ind1=" " ind2=" ">
    <subfield code="a">9780195376913 (v. 89 : acid-free paper)</subfield>
  </datafield>
  <datafield tag="020" ind1=" " ind2=" ">
    <subfield code="a">9780195381023 (v. 90 : acid-free paper)</subfield>
  </datafield>
  <datafield tag="020" ind1=" " ind2=" ">
    <subfield code="a">9780195381016 (v. 91 : acid-free paper)</subfield>
  </datafield>
  <datafield tag="020" ind1=" " ind2=" ">
    <subfield code="a">9780195382785 (v. 92 : acid-free paper)</subfield>
  </datafield>
  <datafield tag="020" ind1=" " ind2=" ">
    <subfield code="a">9780195382778 (v. 93 : acid-free paper)</subfield>
  </datafield>
  <datafield tag="020" ind1=" " ind2=" ">
    <subfield code="a">9780195383003 (v. 94 : acid-free paper)</subfield>
  </datafield>
  <datafield tag="020" ind1=" " ind2=" ">
    <subfield code="a">9780195382990 (v. 95 : acid-free paper)</subfield>
  </datafield>
  <datafield tag="020" ind1=" " ind2=" ">
    <subfield code="a">9780195382983 (v. 96 : acif-free paper)</subfield>
  </datafield>
  <datafield tag="020" ind1=" " ind2=" ">
    <subfield code="a">9780195383096 (v. 97 : acid-free paper)</subfield>
  </datafield>
  <datafield tag="020" ind1=" " ind2=" ">
    <subfield code="a">9780195383089 (v. 98 : acid free paper)</subfield>
  </datafield>
  <datafield tag="020" ind1=" " ind2=" ">
    <subfield code="a">9780195383072 (v. 99 : acid-free paper)</subfield>
  </datafield>
  <datafield tag="020" ind1=" " ind2=" ">
    <subfield code="a">9780195398052 (v. 100 : acid-free paper)</subfield>
  </datafield>
  <datafield tag="020" ind1=" " ind2=" ">
    <subfield code="a">9780195399387 (v. 101 : acid-free paper)</subfield>
  </datafield>
  <datafield tag="020" ind1=" " ind2=" ">
    <subfield code="a">9780195398069 (v. 102 : acid-free paper)</subfield>
  </datafield>
  <datafield tag="020" ind1=" " ind2=" ">
    <subfield code="a">9780195398076 (v. 103 : acid-free paper)</subfield>
  </datafield>
  <datafield tag="020" ind1=" " ind2=" ">
    <subfield code="a">9780195398083 (v. 104 : acid-free paper)</subfield>
  </datafield>
  <datafield tag="020" ind1=" " ind2=" ">
    <subfield code="a">9780195398106 (v. 105 : acid-free paper)</subfield>
  </datafield>
  <datafield tag="020" ind1=" " ind2=" ">
    <subfield code="a">9780195398113 (v. 106 : acid-free paper)</subfield>
  </datafield>
  <datafield tag="020" ind1=" " ind2=" ">
    <subfield code="a">9780195398120 (v. 107 : acid-free paper)</subfield>
  </datafield>
  <datafield tag="020" ind1=" " ind2=" ">
    <subfield code="a">9780195398137 (v. 108 : acid-free paper)</subfield>
  </datafield>
  <datafield tag="020" ind1=" " ind2=" ">
    <subfield code="a">9780195398144 (v. 109 : acid-free paper)</subfield>
  </datafield>
  <datafield tag="020" ind1=" " ind2=" ">
    <subfield code="a">9780195398151 (v. 110:  acid-free paper)</subfield>
  </datafield>
  <datafield tag="020" ind1=" " ind2=" ">
    <subfield code="a">9780199758197 (v. 111 : acid-free paper)</subfield>
  </datafield>
  <datafield tag="020" ind1=" " ind2=" ">
    <subfield code="a">9780199758203 (v. 112 : acid-free paper)</subfield>
  </datafield>
  <datafield tag="020" ind1=" " ind2=" ">
    <subfield code="a">9780199758210 (v. 113 : acid-free paper)</subfield>
  </datafield>
  <datafield tag="020" ind1=" " ind2=" ">
    <subfield code="a">9780199758227 (v. 114 : acid-free paper)</subfield>
  </datafield>
  <datafield tag="020" ind1=" " ind2=" ">
    <subfield code="a">9780199758234 (v. 115 : acid-free paper)</subfield>
  </datafield>
  <datafield tag="020" ind1=" " ind2=" ">
    <subfield code="a">9780199758241 (v. 116 : acid-free paper)</subfield>
  </datafield>
  <datafield tag="020" ind1=" " ind2=" ">
    <subfield code="a">9780199758258 (v. 117 : acid-free paper)</subfield>
  </datafield>
  <datafield tag="020" ind1=" " ind2=" ">
    <subfield code="a">9780199758265 (v. 118 : acid-free paper)</subfield>
  </datafield>
  <datafield tag="020" ind1=" " ind2=" ">
    <subfield code="a">9780199758289 (v. 119 : acid-free paper)</subfield>
  </datafield>
  <datafield tag="020" ind1=" " ind2=" ">
    <subfield code="a">9780199758289 (v. 120 : acid-free paper)</subfield>
  </datafield>
  <datafield tag="020" ind1=" " ind2=" ">
    <subfield code="a">9780199758296 (v. 121 : acid-free paper)</subfield>
  </datafield>
  <datafield tag="020" ind1=" " ind2=" ">
    <subfield code="a">9780199758302 (v. 122 : acid-free paper)</subfield>
  </datafield>
  <datafield tag="020" ind1=" " ind2=" ">
    <subfield code="a">9780199915897 (v. 123 : acid-free paper)</subfield>
  </datafield>
  <datafield tag="020" ind1=" " ind2=" ">
    <subfield code="a">9780199915903 (v. 124 : acid-free paper)</subfield>
  </datafield>
  <datafield tag="020" ind1=" " ind2=" ">
    <subfield code="a">9780199915910 (v. 125)</subfield>
  </datafield>
  <datafield tag="020" ind1=" " ind2=" ">
    <subfield code="a">9780199915927 (v/ 126)</subfield>
  </datafield>
  <datafield tag="020" ind1=" " ind2=" ">
    <subfield code="a">9780199948475 (v. 127)</subfield>
  </datafield>
  <datafield tag="020" ind1=" " ind2=" ">
    <subfield code="a">9780199948482 (v. 128)</subfield>
  </datafield>
  <datafield tag="020" ind1=" " ind2=" ">
    <subfield code="a">9780199978526 (v. 129)</subfield>
  </datafield>
  <datafield tag="020" ind1=" " ind2=" ">
    <subfield code="a">9780199978533 (v. 130)</subfield>
  </datafield>
  <datafield tag="020" ind1=" " ind2=" ">
    <subfield code="a">9780199978540 (v. 131)</subfield>
  </datafield>
  <datafield tag="020" ind1=" " ind2=" ">
    <subfield code="a">9780199998173 (v. 132)</subfield>
  </datafield>
  <datafield tag="020" ind1=" " ind2=" ">
    <subfield code="a">9780379012941 ( indexes : acid-free paper)</subfield>
  </datafield>
  <datafield tag="020" ind1=" " ind2=" ">
    <subfield code="a">9780199734030 ( index v. 3 : acid-free paper)</subfield>
  </datafield>
  <datafield tag="020" ind1=" " ind2=" ">
    <subfield code="a">9780199351046 (v. 133)</subfield>
  </datafield>
  <datafield tag="020" ind1=" " ind2=" ">
    <subfield code="a">9780199351053 (v. 134)</subfield>
  </datafield>
  <datafield tag="020" ind1=" " ind2=" ">
    <subfield code="a">9780199351084 (v. 137)</subfield>
  </datafield>
  <datafield tag="020" ind1=" " ind2=" ">
    <subfield code="a">9780199351091 (v. 138)</subfield>
  </datafield>
  <datafield tag="020" ind1=" " ind2=" ">
    <subfield code="a">9780199351107 (v. 139)</subfield>
  </datafield>
  <datafield tag="020" ind1=" " ind2=" ">
    <subfield code="a">9780199351114 (v. 140)</subfield>
  </datafield>
  <datafield tag="020" ind1=" " ind2=" ">
    <subfield code="a">9780190255282 (index vol. V)</subfield>
  </datafield>
  <datafield tag="020" ind1=" " ind2=" ">
    <subfield code="a">9780190255312 (v. 141)</subfield>
  </datafield>
  <datafield tag="020" ind1=" " ind2=" ">
    <subfield code="a">9780190255329 (v. 142)</subfield>
  </datafield>
  <datafield tag="020" ind1=" " ind2=" ">
    <subfield code="a">9780190255336 (v. 143)</subfield>
  </datafield>
  <datafield tag="020" ind1=" " ind2=" ">
    <subfield code="a">9780190255343 (v. 144)</subfield>
  </datafield>
  <datafield tag="020" ind1=" " ind2=" ">
    <subfield code="a">9780190255350 (v. 145)</subfield>
  </datafield>
  <datafield tag="020" ind1=" " ind2=" ">
    <subfield code="a">9780190255367 (v. 146)</subfield>
  </datafield>
  <datafield tag="022" ind1=" " ind2=" ">
    <subfield code="a">1062-4007</subfield>
  </datafield>
  <datafield tag="035" ind1=" " ind2=" ">
    <subfield code="9">(DLC)   78026126</subfield>
  </datafield>
  <datafield tag="040" ind1=" " ind2=" ">
    <subfield code="a">DLC</subfield>
    <subfield code="c">DLC</subfield>
    <subfield code="d">DLC</subfield>
  </datafield>
  <datafield tag="050" ind1="0" ind2="0">
    <subfield code="a">HV6431</subfield>
    <subfield code="b">.T464 1979</subfield>
  </datafield>
  <datafield tag="082" ind1="0" ind2="0">
    <subfield code="a">303.6/25</subfield>
    <subfield code="2">19</subfield>
  </datafield>
  <datafield tag="245" ind1="0" ind2="0">
    <subfield code="a">Terrorism :</subfield>
    <subfield code="b">documents of international and local control.</subfield>
  </datafield>
  <datafield tag="246" ind1="0" ind2=" ">
    <subfield code="a">Terrorism, commentary on security documents</subfield>
  </datafield>
  <datafield tag="260" ind1=" " ind2=" ">
    <subfield code="a">Dobbs Ferry, N.Y. :</subfield>
    <subfield code="b">Oceana Publications,</subfield>
    <subfield code="c">1979-&lt;2013  &gt;</subfield>
    <subfield code="3">v. 1-79:</subfield>
  </datafield>
  <datafield tag="260" ind1="2" ind2=" ">
    <subfield code="a">New York :</subfield>
    <subfield code="b">Oceana</subfield>
    <subfield code="3">v. 80-100:</subfield>
  </datafield>
  <datafield tag="260" ind1=" " ind2=" ">
    <subfield code="a">New York :</subfield>
    <subfield code="b">Oxford University Press, 2014-&lt;2016&gt;</subfield>
    <subfield code="3">v. 103-&lt;131-134, 137-142&gt; :</subfield>
  </datafield>
  <datafield tag="300" ind1=" " ind2=" ">
    <subfield code="a">v. &lt;1-16, 18-83, 85-89, 91-100, 103-109, 111-140, index 3, 5  &gt; :</subfield>
    <subfield code="b">ill. ;</subfield>
    <subfield code="c">26 cm.</subfield>
  </datafield>
  <datafield tag="500" ind1=" " ind2=" ">
    <subfield code="a">Subtitle varies: v. 103-&lt;120-128, 132, 134, 137-138, Index 3&gt; Commentary on security documents.</subfield>
  </datafield>
  <datafield tag="500" ind1=" " ind2=" ">
    <subfield code="a">Vols. 1-6 edited by Robert A. Friedlander; v. 7-12 edited by Howard S. Levie; v. 13-14, 72-73 edited by Donald J. Musch; v. 15-16, 18-35 edited by Yonah Alexander and Donald J. Musch; v. 36-41 edited by James Walsh; v. 86-87 [commentaries by] Douglas C. Lovelace, Jr.; v.91-100, 137-142 edited by Douglas C. Lovelace, Jr. -- v. 103-109, 111-133 edited by Kristen E. Boon, Aziz Huq, Douglas C. Lovelace, Jr. -- v. 134 edited by Kristen E. Boon, Douglas C. Lovelace, Jr.</subfield>
  </datafield>
  <datafield tag="500" ind1=" " ind2=" ">
    <subfield code="a">Accompanied by cumulative index to vols. 1-50 in 2 v.; starting with vols. 51-100 in 1 v., published as 1st series.</subfield>
  </datafield>
  <datafield tag="500" ind1=" " ind2=" ">
    <subfield code="a">Accompanied by cumulative index to vols. 51-68.</subfield>
  </datafield>
  <datafield tag="500" ind1=" " ind2=" ">
    <subfield code="a">Accompanied by cumulative subject, title, name, subject by year indexes and index by year to vols. 51-81.</subfield>
  </datafield>
  <datafield tag="504" ind1=" " ind2=" ">
    <subfield code="a">Includes bibliographical references and indexes.</subfield>
  </datafield>
  <datafield tag="505" ind1="1" ind2=" ">
    <subfield code="a">v. 1-2. [without special title] -- v. 3. From the terror decade of the 1970's to the dangerous decade of the 1980's -- v. 4. A world on fire -- v. 5. [without special title] -- v. 6. Global terrorism in the dangerous decade -- v. 7-15. [without special title] -- v. 16. U.S. perspectives    -- v. 18-&lt;46, 49-59, 66-83, 85&gt;. U.S. perspectives -- Index v. 1-2 -- v. 86. Understanding United States national security strategy relating to terrorism, pt. 1, Foundational strategies -- v. 87. Understanding United States national security strategy relating to terrorism, pt. 2, Derivative and supporting strategies -- v. 88. The UK's approach to terrorism -- v. 89. Europe's approach to terrorism -- v. 90. Presidential powers and the global war against terrorists -- v. 91. Terrorism intelligence : what we know and how we know  it -- v. 92. Lebanon and Hezbollah -- v. 93. The Palestinian territories and Hamas -- v. 94. Managing the nation's borders during the global war against terrorists -- v. 95. Detainee treatment, interrogation, and extraordinary renditions in the war against terroists -- v. 96. Cyberterrorism : evolving perceptions of the threat -- v. 97. Use of contractors in the war against terrorists -- v. 98. Terrorism in India -- v. 99. Terrorism in Pakistan --</subfield>
  </datafield>
  <datafield tag="505" ind1="1" ind2=" ">
    <subfield code="a">v. 100. Detention of terrorist suspects : what courts have done, what Congress and Obama are doing -- v. 101. Weapons of mass destruction. Pt. 1: Bioterrorism -- v. 102. Weapons of mass destruction. Pt. 2: Nuclear terrorism, consequence management, and attack insurance -- v. 103. Global issues -- v. 104. Current trends -- v. 105. Narco-terrorism -- v. 106. Terrorist financing and money laundering -- v. 107. U.N. response to Al-Qaeda -- v. 108. Extraordinary rendition -- v. 109. Terror-based interrogation -- v. 110. Assessing the GWOT -- v. 111. Discerning President Obama's national security strategy -- v. 112. Discerning President Obama's national defense strategy, part two -- v. 113. Piracy and international maritime security -- v. 114. European responses to terrorist radicalization -- v. 115. Gangs, terrorism, and international disorder -- v. 116. Assessing President Obama's national security strategy -- v. 117. Al Qaeda, the Taliban, and conflict in Afghanistan -- v. 118. International nuclear security -- v. 119. Catastrophic possibilities threatening U.S. security -- v. 120. U.S. preparedness for catastrophic attacks -- v. 121. Nuclear non-proliferation treaty -- v. 122. U.N. response to Al Qaeda--Developments through 2011 -- v. 123. Global stability and U.S. national security -- v. 124. U.S. approaches to global security challenges -- v. 125. Piracy and international maritime security : developments through 2011-- v. 126. The intersection of law and war --v. 127. The changing nature of war -- v. 128. Detention under international law: liberty and permissible detention -- v. 129. Detention under international law : the state of emergency exception and evolving topics -- v. 130. Detention under international law : safeguards against torture and other abuses -- v. 131. The 2012 shift in U.S. national security strategy : the context -- v. 132. The 2012 shift in U.S. National security strategy: the analysis--v. 133. The Drone Wars of the 21st Century: Costs and Benefits -- v. 134. The domestic use of unmanned aerial vehicles -- v. 137. The Obama administration's second term national security strategy -- v. 138. The resurgent terrorist threat -- v. 139. The rise of China -- v. 140. The cyber threat -- v. 141. Hybrid warfare and the gray zone threat -- v. 142. Security strategies of the second Obama administration: 2015 developments.</subfield>
  </datafield>
  <datafield tag="505" ind1="1" ind2=" ">
    <subfield code="a">v. 143. The evolution of Islamic state -- v. 144. Autonomous and semiautonomous weapons systems -- v. 145. The North Korean threat -- v. 146. Russia's resurgence</subfield>
  </datafield>
  <datafield tag="650" ind1=" " ind2="0">
    <subfield code="a">Terrorism.</subfield>
  </datafield>
  <datafield tag="650" ind1=" " ind2="0">
    <subfield code="a">National security.</subfield>
  </datafield>
  <datafield tag="700" ind1="1" ind2=" ">
    <subfield code="a">Friedlander, Robert A.</subfield>
  </datafield>
  <datafield tag="700" ind1="1" ind2=" ">
    <subfield code="a">Levie, Howard S.</subfield>
    <subfield code="q">(Howard Sidney),</subfield>
    <subfield code="d">1907-2009.</subfield>
  </datafield>
  <datafield tag="700" ind1="1" ind2=" ">
    <subfield code="a">Musch, Donald J.</subfield>
  </datafield>
  <datafield tag="700" ind1="1" ind2=" ">
    <subfield code="a">Alexander, Yonah.</subfield>
  </datafield>
  <datafield tag="700" ind1="1" ind2=" ">
    <subfield code="a">Lovelace, Douglas C.</subfield>
  </datafield>
  <datafield tag="856" ind1="4" ind2="1">
    <subfield code="3">Table of contents for vol. 29</subfield>
    <subfield code="u">http://www.loc.gov/catdir/toc/fy022/78026126.html</subfield>
  </datafield>
  <datafield tag="952" ind1=" " ind2=" ">
    <subfield code="a">Class collect; not analyze; please continue to add contents note: Ann Gardner, HSS.</subfield>
  </datafield>
  <datafield tag="952" ind1=" " ind2=" ">
    <subfield code="a">No editor named in vols. 42-59, 76-81, 85.</subfield>
  </datafield>
  <datafield tag="952" ind1=" " ind2=" ">
    <subfield code="a">No place of pub. given in vols. 57-59, etc.; sf09 2006-04-14</subfield>
  </datafield>
  <datafield tag="952" ind1=" " ind2=" ">
    <subfield code="a">Indexes to vols. 101-  in loose-leaf form; pages sent directly to C&amp;S/HSS/MRR; xj01/Ann Gardner  2011-09-23.</subfield>
  </datafield>
  <datafield tag="952" ind1=" " ind2=" ">
    <subfield code="a">Loose-leaf indexes are cumulative and will be replaced with a bound volume.</subfield>
  </datafield>
  <datafield tag="984" ind1=" " ind2=" ">
    <subfield code="a">gsl</subfield>
  </datafield>
  <datafield tag="991" ind1=" " ind2=" ">
    <subfield code="b">c-GenColl</subfield>
    <subfield code="h">HV6431</subfield>
    <subfield code="i">.T464 1979</subfield>
    <subfield code="t">Copy 1</subfield>
    <subfield code="w">BOOKS</subfield>
  </datafield>
  <datafield tag="991" ind1=" " ind2=" ">
    <subfield code="b">r-N&amp;CPR</subfield>
    <subfield code="h">HV6431</subfield>
    <subfield code="i">.T464 1979</subfield>
    <subfield code="t">Copy 2</subfield>
    <subfield code="w">GenBib bi 92-004440</subfield>
  </datafield>
  <datafield tag="991" ind1=" " ind2=" ">
    <subfield code="b">r-MRR</subfield>
    <subfield code="h">HV6431</subfield>
    <subfield code="i">.T464 1979</subfield>
    <subfield code="t">Copy 1</subfield>
    <subfield code="m">Alc</subfield>
    <subfield code="z">Latest 10 volumes</subfield>
  </datafield>
</record></zs:recordData><zs:recordPosition>6</zs:recordPosition></zs:record>