<zs:record><zs:recordSchema>marcxml</zs:recordSchema><zs:recordPacking>xml</zs:recordPacking><zs:recordData><record xmlns="http://www.loc.gov/MARC21/slim">
  <leader>02281cam a2200397 a 4500</leader>
  <controlfield tag="001">14854250</controlfield>
  <controlfield tag="005">20190718085811.0</controlfield>
  <controlfield tag="008">070517m2006uuuulo ab    b   f000 0 eng  </controlfield>
  <datafield tag="906" ind1=" " ind2=" ">
    <subfield code="a">7</subfield>
    <subfield code="b">cbc</subfield>
    <subfield code="c">orignew</subfield>
    <subfield code="d">3</subfield>
    <subfield code="e">ncip</subfield>
    <subfield code="f">20</subfield>
    <subfield code="g">y-gencatlg</subfield>
  </datafield>
  <datafield tag="925" ind1="0" ind2=" ">
    <subfield code="a">acquire</subfield>
    <subfield code="b">1 shelf copy</subfield>
    <subfield code="x">policy default</subfield>
  </datafield>
  <datafield tag="955" ind1=" " ind2=" ">
    <subfield code="c">lh08 2007-05-17 to subj. (sections 21, l64, l68)</subfield>
    <subfield code="d">lk31 2007-10-25 to SL</subfield>
    <subfield code="e">lk31 2007-10-25 to BCCD</subfield>
    <subfield code="i">bc08 2009-06-22 v. 123-124, 126, 129 added</subfield>
    <subfield code="a">Barcode 00285540847 returned from bindery 2009-09-17</subfield>
    <subfield code="a">Barcode 00285540859 returned from bindery 2009-09-18</subfield>
    <subfield code="a">Barcode 00149008676 returned from bindery 2009-12-18</subfield>
    <subfield code="a">Barcode 00285540835 returned from bindery 2009-12-18;</subfield>
    <subfield code="e">bc05 2010-10-05 sent sect. 228 to BCCD</subfield>
  </datafield>
  <datafield tag="955" ind1=" " ind2=" ">
    <subfield code="c">wn15 2010-02-05 ADDED VOLS: vol. 22, section 228 to ASCD</subfield>
    <subfield code="a">bc00 2010-03-25</subfield>
  </datafield>
  <datafield tag="955" ind1=" " ind2=" ">
    <subfield code="c">wn15 2014-04-30 ADDED VOLS: vol. 3, section 32 to BCCD</subfield>
  </datafield>
  <datafield tag="955" ind1=" " ind2=" ">
    <subfield code="c">wn15 2015-04-28 ADDED VOLS: vol. 1, section 17 to ALAWE/A</subfield>
  </datafield>
  <datafield tag="955" ind1=" " ind2=" ">
    <subfield code="b">wn15 2019-07-18</subfield>
    <subfield code="i">wn15 2019-07-17 ADDED VOLS: vol., section 16 to BCCD</subfield>
  </datafield>
  <datafield tag="010" ind1=" " ind2=" ">
    <subfield code="a">  2007540109</subfield>
    <subfield code="z">  2009314145</subfield>
  </datafield>
  <datafield tag="020" ind1=" " ind2=" ">
    <subfield code="a">9991137246 (section 21)</subfield>
  </datafield>
  <datafield tag="020" ind1=" " ind2=" ">
    <subfield code="a">9789991137582 (section 123)</subfield>
  </datafield>
  <datafield tag="020" ind1=" " ind2=" ">
    <subfield code="a">9789991137568 (section 124)</subfield>
  </datafield>
  <datafield tag="020" ind1=" " ind2=" ">
    <subfield code="a">9789991137575 (section 125)</subfield>
  </datafield>
  <datafield tag="020" ind1=" " ind2=" ">
    <subfield code="a">9991137262 (section 164)</subfield>
  </datafield>
  <datafield tag="020" ind1=" " ind2=" ">
    <subfield code="a">9991137254 (section 168)</subfield>
  </datafield>
  <datafield tag="020" ind1=" " ind2=" ">
    <subfield code="z">978991137681 (section 228)</subfield>
  </datafield>
  <datafield tag="020" ind1=" " ind2=" ">
    <subfield code="a">9789991137940 (section 32)</subfield>
  </datafield>
  <datafield tag="020" ind1=" " ind2=" ">
    <subfield code="a">9789991137971 (section 17)</subfield>
  </datafield>
  <datafield tag="040" ind1=" " ind2=" ">
    <subfield code="a">DLC</subfield>
    <subfield code="c">DLC</subfield>
  </datafield>
  <datafield tag="043" ind1=" " ind2=" ">
    <subfield code="a">f-lo---</subfield>
  </datafield>
  <datafield tag="050" ind1="0" ind2="0">
    <subfield code="a">Z3558</subfield>
    <subfield code="b">.A465 2006</subfield>
    <subfield code="a">DT2557</subfield>
  </datafield>
  <datafield tag="100" ind1="1" ind2=" ">
    <subfield code="a">Ambrose, David,</subfield>
    <subfield code="d">1939-</subfield>
  </datafield>
  <datafield tag="245" ind1="1" ind2="0">
    <subfield code="a">Lesotho annotated bibliography /</subfield>
    <subfield code="c">David Ambrose.</subfield>
  </datafield>
  <datafield tag="250" ind1=" " ind2=" ">
    <subfield code="a">2nd ed.</subfield>
  </datafield>
  <datafield tag="260" ind1=" " ind2=" ">
    <subfield code="a">Roma, Lesotho :</subfield>
    <subfield code="b">House 9 Publications, National University of Lesotho, &lt;2006-&gt;</subfield>
  </datafield>
  <datafield tag="300" ind1=" " ind2=" ">
    <subfield code="a">sections &lt;21, 123-124, 126, 129, 164, 168, 228&gt; :</subfield>
    <subfield code="b">ill., maps ;</subfield>
    <subfield code="c">30 cm.</subfield>
  </datafield>
  <datafield tag="505" ind1="1" ind2=" ">
    <subfield code="a">--section 16. Mining, kimberlite &amp; diamonds -- section 21. Archaeology   -- section 123. Fiction in Sesotho -- section 124. Poetry in Sesotho --    section 126. Essays &amp; literary criticism   -- section 129. Sephuthi language &amp; liertaure    -- section 164. Fish, including annotated species checklist    -- section 168. Mammals, including annotated species checklist   -- section 228. Aloe polyphylla</subfield>
  </datafield>
  <datafield tag="651" ind1=" " ind2="0">
    <subfield code="a">Lesotho</subfield>
    <subfield code="v">Bibliography.</subfield>
  </datafield>
  <datafield tag="985" ind1=" " ind2=" ">
    <subfield code="e">ODE-nb</subfield>
  </datafield>
</record></zs:recordData><zs:recordPosition>7</zs:recordPosition></zs:record>