<zs:record><zs:recordSchema>marcxml</zs:recordSchema><zs:recordPacking>xml</zs:recordPacking><zs:recordData><record xmlns="http://www.loc.gov/MARC21/slim">
  <leader>02432cem a2200517 a 4500</leader>
  <controlfield tag="001">15070267</controlfield>
  <controlfield tag="005">20170526124120.0</controlfield>
  <controlfield tag="007">aj|canzn</controlfield>
  <controlfield tag="008">071103m20049999xr ag     b     1   cze  </controlfield>
  <datafield tag="906" ind1=" " ind2=" ">
    <subfield code="a">7</subfield>
    <subfield code="b">cbc</subfield>
    <subfield code="c">origcop</subfield>
    <subfield code="d">u</subfield>
    <subfield code="e">ncip</subfield>
    <subfield code="f">20</subfield>
    <subfield code="g">y-geogmaps</subfield>
  </datafield>
  <datafield tag="955" ind1=" " ind2=" ">
    <subfield code="a">ga05 2007-11-03 sent to CMT</subfield>
  </datafield>
  <datafield tag="010" ind1=" " ind2=" ">
    <subfield code="a">  2007630539</subfield>
  </datafield>
  <datafield tag="020" ind1=" " ind2=" ">
    <subfield code="a">8070118067 (no. 122)</subfield>
  </datafield>
  <datafield tag="020" ind1=" " ind2=" ">
    <subfield code="a">8070118075 (no. 123)</subfield>
  </datafield>
  <datafield tag="020" ind1=" " ind2=" ">
    <subfield code="a">8070118091 (no. 133)</subfield>
  </datafield>
  <datafield tag="020" ind1=" " ind2=" ">
    <subfield code="a">8070118199 (no. 138)</subfield>
  </datafield>
  <datafield tag="020" ind1=" " ind2=" ">
    <subfield code="a">8070118180 (no. 146)</subfield>
  </datafield>
  <datafield tag="020" ind1=" " ind2=" ">
    <subfield code="a">8070118202 (no. 148)</subfield>
  </datafield>
  <datafield tag="020" ind1=" " ind2=" ">
    <subfield code="a">8070118083 (no. 149)</subfield>
  </datafield>
  <datafield tag="034" ind1="1" ind2=" ">
    <subfield code="a">a</subfield>
    <subfield code="b">70000</subfield>
  </datafield>
  <datafield tag="040" ind1=" " ind2=" ">
    <subfield code="a">DLC</subfield>
    <subfield code="c">DLC</subfield>
    <subfield code="d">DLC</subfield>
  </datafield>
  <datafield tag="041" ind1="0" ind2=" ">
    <subfield code="a">cze</subfield>
    <subfield code="a">eng</subfield>
    <subfield code="a">ger</subfield>
  </datafield>
  <datafield tag="050" ind1="0" ind2="0">
    <subfield code="a">G6511.E63 s70</subfield>
    <subfield code="b">.K3</subfield>
  </datafield>
  <datafield tag="052" ind1=" " ind2=" ">
    <subfield code="a">6511</subfield>
  </datafield>
  <datafield tag="110" ind1="2" ind2=" ">
    <subfield code="a">Kartografie Praha (Firm)</subfield>
  </datafield>
  <datafield tag="245" ind1="1" ind2="0">
    <subfield code="a">Cykloturisticka&#x301; mapa 1:70 000 :</subfield>
    <subfield code="b">kompletni&#x301; si&#x301;t&#x315; znac&#x30C;eny&#x301;ch cyklotras ... pro&#x30A;be&#x30C;h tras ove&#x30C;r&#x30C;en v tere&#x301;nu : [C&#x30C;eska&#x301; republika] /</subfield>
    <subfield code="c">zpracovala a vydala Kartografie Praha, a.s. ; odpove&#x30C;dny&#x301; redaktor Jir&#x30C;i&#x301; Cajthaml ... [et al.].</subfield>
  </datafield>
  <datafield tag="246" ind1="3" ind2=" ">
    <subfield code="a">Moira cykloturisticka&#x301; mapa 1:70,000</subfield>
  </datafield>
  <datafield tag="250" ind1=" " ind2=" ">
    <subfield code="a">1. vyd.</subfield>
  </datafield>
  <datafield tag="255" ind1=" " ind2=" ">
    <subfield code="a">Scale 1:70,000. 1 cm. = 700 m.</subfield>
  </datafield>
  <datafield tag="260" ind1=" " ind2=" ">
    <subfield code="a">Praha :</subfield>
    <subfield code="b">Kartografie Praha a.s.,</subfield>
    <subfield code="c">2004-</subfield>
  </datafield>
  <datafield tag="300" ind1=" " ind2=" ">
    <subfield code="a">&lt; &gt; maps :</subfield>
    <subfield code="b">col. ;</subfield>
    <subfield code="c">60 x 74 cm. and 74 x 60 cm., folded to 22 x 11 cm.</subfield>
  </datafield>
  <datafield tag="500" ind1=" " ind2=" ">
    <subfield code="a">Shows designated bicycling routes and complete road system in Czech Republic.</subfield>
  </datafield>
  <datafield tag="500" ind1=" " ind2=" ">
    <subfield code="a">Relief shown by contours and spot heights.</subfield>
  </datafield>
  <datafield tag="500" ind1=" " ind2=" ">
    <subfield code="a">Title from panel.</subfield>
  </datafield>
  <datafield tag="500" ind1=" " ind2=" ">
    <subfield code="a">"Produkt digita&#x301;lni&#x301; kartografie."</subfield>
  </datafield>
  <datafield tag="500" ind1=" " ind2=" ">
    <subfield code="a">Areal coverage complete in 59 sheets (numbered 101 thru 160).</subfield>
  </datafield>
  <datafield tag="500" ind1=" " ind2=" ">
    <subfield code="a">Includes extensive legend and small advertisements.</subfield>
  </datafield>
  <datafield tag="500" ind1=" " ind2=" ">
    <subfield code="a">Text, descriptive index to points of interest, bike-trail profiles with statistical data, coverage map, publisher's index map, col. ill., and advertisements on verso.</subfield>
  </datafield>
  <datafield tag="505" ind1="1" ind2=" ">
    <subfield code="a">122. Karls&#x30C;tejnsko, Kr&#x30C;ivokla&#x301;tsko, Slapy -- 123. Dolni&#x301; Posa&#x301;zavi&#x301;, Benes&#x30C;ovsko --    133. S&#x30C;umava, Povydr&#x30C;i&#x301;, Pla&#x301;ne&#x30C; --    138. Ta&#x301;borsko, Blani&#x301;k --    146. Pi&#x301;secko, Vodn&#x30C;ansko --    148. Tr&#x30C;ebon&#x30C;sko, str&#x30C;edni&#x301; Luz&#x30C;nice -- 149. Jindr&#x30C;ichohradecko, C&#x30C;eska&#x301; Kanada.</subfield>
  </datafield>
  <datafield tag="650" ind1=" " ind2="0">
    <subfield code="a">Bicycle trails</subfield>
    <subfield code="z">Czech Republic</subfield>
    <subfield code="v">Maps.</subfield>
  </datafield>
  <datafield tag="650" ind1=" " ind2="0">
    <subfield code="a">Recreation areas</subfield>
    <subfield code="z">Czech Republic</subfield>
    <subfield code="v">Maps.</subfield>
  </datafield>
  <datafield tag="650" ind1=" " ind2="0">
    <subfield code="a">Roads</subfield>
    <subfield code="z">Czech Republic</subfield>
    <subfield code="v">Maps.</subfield>
  </datafield>
  <datafield tag="651" ind1=" " ind2="0">
    <subfield code="a">Czech Republic</subfield>
    <subfield code="v">Maps.</subfield>
  </datafield>
  <datafield tag="655" ind1=" " ind2="7">
    <subfield code="a">Road maps.</subfield>
    <subfield code="2">lcgft</subfield>
  </datafield>
  <datafield tag="655" ind1=" " ind2="7">
    <subfield code="a">Tourist maps.</subfield>
    <subfield code="2">lcgft</subfield>
  </datafield>
  <datafield tag="700" ind1="1" ind2=" ">
    <subfield code="a">Cajthaml, jir&#x30C;i&#x301;.</subfield>
  </datafield>
</record></zs:recordData><zs:recordPosition>9</zs:recordPosition></zs:record>